@misc{gimp,
  title = {Gimp},
  howpublished = {\url{https://www.gimp.org/}},
  note = {Accessed: 2020-12-29}
}

@book{CreatureCodex,
      title     = "Creature Codex for 5th Edition",
      author    = "Wolfgang Baur{,} Dan Dillon{,} Richard Green and James Haeck, Chris Harris",
      year      = 2018,
      publisher = "Cobo",
      isbn   = "9781936781928"
}